@MISC{debs_cpan-git_dh_make_perl,
    author = {Damyan Ivanov},
	title = {{Unofficial Git repository of the dh-make-perl Debian package}},
    howpublished = {\\\url{http://ur1.ca/f6l2}},
    month = {October},
	year = {2009}
}

@MISC{debs_cpan-new_maint_guide-rules,
    author = {Josip Rodin},
    title = {{Debian New Maintainers' Guide -- `rules' file}},
    howpublished = {\\\url{http://ur1.ca/f6me}},
    month = {June},
    year = {2008}
}

@MISC{debs_cpan-new_maint_guide,
    author = {Josip Rodin},
    title = {{Debian New Maintainers' Guide}},
    howpublished = {\\\url{http://ur1.ca/f6ns}},
    month = {June},
    year = {2008}
}

@MISC{debs_cpan-debian_policy,
    title = {{Debian Policy Manual -- Binary Packages -- Dependencies}},
    howpublished = {\\\url{http://ur1.ca/f6nu}},
    month = {August},
    year = {2009}
}

@MISC{debs_cpan-debian_perl_policy,
    author = {Raphaël Hertzog and Brendan O'Dea},
    title = {Debian Perl Policy},
    howpublished = {\\\url{http://ur1.ca/f6nv}}
}

@MISC{debs_cpan-debian_perl_team,
    title = {{Debian Perl Group}},
    howpublished = {\\\url{http://ur1.ca/f6nw}}
}















@BOOK{gnunited-babbage71,
    author = {Babbage, C.},
    year = {1971},
    title = {{On the economy of machinery and manufactures}},
    address = {New York},
    publisher = {Kelley}
}

@ARTICLE{gnunited-barbrook02,
    author = {Barbrook, R.},
    year = {2002},
    title = {{The Regulation of Liberty: Free Speech, Free Trade and Free Gifts on the Internet}},
    journal = {Science as Culture},
    volume = {11.(2.)},
    pages = {150-177}
}

@BOOK{gnunited-bell73,
    author = {Bell, D.},
    year = {1973},
    title = {{The Coming of Post-Industrial Society: A Venture in Social Forecasting}},
    address = {New York},
    publisher = {Basic Books}
}

@BOOK{gnunited-berg80,
    author = {Berg, M.},
    year = {1980},
    title = {{The Machinery Question and the Making of Political Economy}},
    address = {Cambridge},
    publisher = {Cambridge University Press}
}

@BOOK{gnunited-braverman74,
    author = {Braverman, H.},
    year = {1974},
    title = {{Labor and Monopoly Capital}},
    address = {New York},
    publisher = {Monthly Review Press}
}

@BOOK{gnunited-braverman98,
    author = {Braverman, H.},
    year = {1998},
    title = {{Labor and Monopoly Capital}},
    address = {New York},
    publisher = {Monthly Review Press}
}

@BOOK{gnunited-braverman98-318,
    author = {Braverman, H.},
    year = {1998},
    title = {{Labor and Monopoly Capital}},
    address = {New York},
    publisher = {Monthly Review Press},
    pages = {318}
}

@BOOK{gnunited-braverman98-320,
    author = {Braverman, H.},
    year = {1998},
    title = {{Labor and Monopoly Capital: The Degradation of Work in the Twentieth Century}},
    address = {New York},
    publisher = {Monthly Review Press},
    pages = {320}
}

@MISC{gnunited-broersma08,
    author = {Broersma, M.},
    year = {2008},
    month = {April},
    title = {{Proprietary Vendors Lose £30bn to Open Source}},
    publisher = {ZDNet}
}

@BOOK{gnunited-brown77,
    author = {Brown, G.},
    year = {1977},
    title = {{Sabotage – A study in Industrial Conflict}},
    address = {Nottingham},
    publisher = {Spokesman}
}

@ARTICLE{gnunited-coleman08,
    author = {Coleman, G.},
    year = {2008},
    title = {{Hacker practice: Moral Genres and the Cultural Articulation of Liberalism}},
    journal = {Anthropological Theory},
    volume = {8},
    pages = {255-277}
}

@ARTICLE{gnunited-dafermos_soderberg09,
    author = {Dafermos, G. and Söderberg, J.},
    year = {2009},
    title = {{The Hacker Movement as a Continuation of Labour Struggle}},
    journal = {Capital \& Class},
    volume = {97},
    pages = {53-73}
}

@BOOK{gnunited-edwards79,
    author = {Edwards, R.},
    year = {1979},
    title = {{Contested Terrain}},
    address = {London},
    publisher = {Basic Books}
}

@BOOK{gnunited-edwards96,
    author = {Edwards, P.},
    year = {1996},
    title = {{The Closed World: Computers and the Politics of Discourse in Cold War America}},
    address = {Cambridge},
    publisher = {MIT Press}
}

@BOOK{gnunited-gay02,
    author = {Gay, J.},
    year = {2002},
    title = {{Free Software, Free Society: Selected Essays of Richard M. Stallman}},
    address = {Boston},
    publisher = {Cop}
}

@ARTICLE{gnunited-hannemyr99,
    author = {Hannemyr, G.},
    year = {1999},
    title = {{Technology and Pleasure: Considering Hacking Constructive}},
    journal = {First Monday},
    volume = {4(2)}
}

@ARTICLE{gnunited-hobsbawm52,
    author = {Hobsbawm, E.},
    year = {1952},
    month = {February},
    title = {{The Machine Breakers}},
    journal = {Past and Present},
    volume = {1},
    pages = {57-70}
}

@MISC{gnunited-kay1832,
    author = {Kay, J.},
    year = {1832},
    title = {{Moral and Physical Conditions of the Operatives Employed in the Cotton Manufacture in Manchester}},
    pages = {24}
}

@BOOK{gnunited-kraft77,
    author = {Kraft, P.},
    year = {1977},
    title = {{Programmers and Managers: The Routinisation of Computer Programming in the United States}},
    address = {New York},
    publisher = {Springer-Verlag}
}

@BOOK{gnunited-lakhani_wolf05,
    author = {Lakhani, K. and Wolf, R.},
    year = {2005},
    title = {{Why Hackers Do What They Do: Understanding Motivation and Effort in Free/Open Source Projects in: Feller, J., Fitzgerald, B., Hissam, S., Lakhani, K., Cusumano, M. \& Shirky, Clay (eds.) Perspectives on Free and Open Source Software}},
    address = {Cambridge},
    publisher = {MIT Press}
}

@ARTICLE{gnunited-lerner_tirole02,
    author = {Lerner, J. and Tirole, J.},
    year = {2002},
    title = {{Some Simple Economics of Open Source}},
    journal = {Journal of Industrial Economics},
    volume = {50 (2)},
    pages = {197-234}
}

@BOOK{gnunited-marx76,
    author = {Marx, K.},
    year = {1976},
    title = {{Capital vol. I.}},
    address = {London},
    publisher = {Penguin Books},
    pages = {554-555}
}

@BOOK{gnunited-mcchesney_wood_foster98,
    author = {McChesney, R. and Wood, E. and Foster, J.},
    year = {1998},
    title = {{Capitalism and the Information Age: The Political Economy of the Global Communication Revolution}},
    address = {New York},
    publisher = {Monthly Review Press}
}

@MISC{gnunited-moglen99,
    author = {Moglen, E.},
    year = {1999},
    title = {{Anarchism Triumphant: Free Software and the Death of Copyright}},
    publisher = {First Monday},
    howpublished = {\\\url{http://ur1.ca/f6nx}}
}

@BOOK{gnunited-moody01,
    author = {Moody, G.},
    year = {2001},
    title = {{Rebel Code: Linux and the Open Source Revolution}},
    address = {London},
    publisher = {Penguin},
    pages = {248}
}

@BOOK{gnunited-noble84,
    author = {Noble, D.},
    year = {1984},
    title = {{Forces of Production – A Social History of Industrial Automation}},
    address = {New York},
    publisher = {Alfred A Knopf}
}

@ARTICLE{gnunited-oriain04,
    author = {O'Riain, S.},
    year = {2004},
    title = {{Net-Working for a Living: Irish Software Developers in the Global Workplace in: Ash, A. \& Thrift, N. (Eds.)}},
    address = {Malden},
    journal = {Cultural Economy Reader},
    publisher = {Blackwell}
}

@BOOK{gnunited-polanyi01,
    author = {Polanyi, K.},
    year = {2001},
    title = {{The Great Transformation: The Political and Economic Origins of Our Time}},
    address = {Boston},
    publisher = {Beacon Press}
}

@ARTICLE{gnunited-pollack98,
    author = {Pollack, A.},
    year = {1998},
    title = {{in (ed.) Robert McChesney, Ellen Meiksins Wood \& John Bellamy Foster, Capitalism and the Information Age -- The Political Economy of the Global Communication Revolution}},
    address = {New York},
    publisher = {Monthly Review Press}
}

@MISC{gnunited-riccardo1821,
    author = {Riccardo, D.},
    year = {1821},
    title = {{Principles of Political Economy and Taxation, 3rd edition}}
}

@BOOK{gnunited-robins_webster88,
    author = {Robins, K. and Webster, F.},
    year = {1988},
    title = {{in (ed.) Mosco \& Wasko The Political Economy of Information}},
    address = {Madison},
    publisher = {University of Wisconsin Press}
}

@BOOK{gnunited-ross91,
    author = {Ross, A.},
    year = {1991},
    title = {{Strange Weather – Culture, Science, and Technology in the Age of Limits}},
    address = {London},
    publisher = {Verso}
}

@BOOK{gnunited-sale95,
    author = {Sale, K.},
    year = {1995},
    title = {{Rebels Against the Future -- The Luddites and Their War on the Industrial Revolution, Lessons for the Computer Age}},
    address = {Reading, Mass.},
    publisher = {Addison-Wesley Publishing Company}
}

@BOOK{gnunited-shaiken86,
    author = {Shaiken, H.},
    year = {1986},
    title = {{Work Transformed: Automation and Labor in the Computer Age}},
    address = {Lexington, Mass.},
    publisher = {Lexington Books},
    pages = {272}
}

@BOOK{gnunited-shell_dodge02,
    author = {Shell, B. and Dodge, J.},
    year = {2002},
    title = {{The Hacking of America: Who's Doing it, Why, and How}},
    address = {Westport, CT.},
    publisher = {Quorum Books}
}

@BOOK{gnunited-shiller99,
    author = {Shiller, D.},
    year = {1999},
    title = {{Digital Capitalism: Networking the Global Market System}},
    address = {London},
    publisher = {MIT Press}
}

@BOOK{gnunited-sussman_lent98,
    author = {Sussman, G. and Lent, J.},
    year = {1998},
    title = {{Global Productions – Labour in the Making of the 'Information Society'}},
    address = {Cresskill},
    publisher = {Hampton Press}
}

@ARTICLE{gnunited-terranova00,
    author = {Terranova, T.},
    year = {2000},
    title = {{Free Labour: Producing Culture for the Digital Economy}},
    journal = {Social Texts},
    volume = {18},
    pages = {33-57}
}

@BOOK{gnunited-torvalds_diamond01,
    author = {Torvalds, L. and Diamond, D.},
    year = {2001},
    title = {{Just For Fun -- The Story of an Accidental Revolutionary}},
    address = {New York},
    publisher = {HarperCollins Publisher}
}

@BOOK{gnunited-webster02,
    author = {Webster, F.},
    year = {2002},
    title = {{Theories of the Information Society}},
    address = {New York},
    publisher = {Routledge}
}

@MISC{gnunited-weed08,
    author = {Weed},
    year = {2008},
	title = {{The Dark Side of Cyberspace – Inside the Sweatshops of China's Computer Hardware Production}},
    howpublished = {\\\url{http://ur1.ca/f6ny}}
}

@BOOK{gnunited-wood82,
    author = {Wood, S.},
    year = {1982},
    title = {{The Degradation of Work? Skill, Deskilling and the Labour Process}},
    address = {London},
    publisher = {Hutchinson}
}

@BOOK{gnunited-ure1835,
    author = {Ure, A.},
    year = {1835},
    title = {{The Philosophy of manufactures: or, an exposition of the scientific, moral and commercial economy of the factory system of Great Britain}},
    address = {London},
    publisher = {Knight}
}

@BOOK{gnunited-zimbalist79,
    author = {Zimbalist, A.},
    year = {1979},
    title = {{in: (ed.) Zimbalist, A. A Case Studies of the Labor Process}},
    address = {New York},
    publisher = {Monthly Review Press}
}

@ARTICLE{gnunited-zizek02,
    author = {Zizek, S.},
    year = {2002},
    title = {{A Cyberspace Lenin: Why Not?}},
    journal = {International Socialism Journal},
    volume = {95}
}

@BOOK{gnunited-zuboff88,
    author = {Zuboff, S.},
    year = {1998},
    title = {{In The Age Of The Smart Machine: The Future Of Work And Power}},
    address = {New York},
    publisher = {Basic Books}
}

@BOOK{gnunited-jordan02,
    author = {Jordan, T.},
    year = {2002},
    title = {{Activism!: Direct Action, Hacktivism and the Future of Society}},
    address = {London},
    publisher = {Reaktion Books}
}












@BOOK{darling-lakoff_johnson80,
    author = {Lakoff, G. and Johnson, M.},
    year = {1980},
    title = {{Metaphors we live by}},
    address = {Chicago},
    publisher = {University of Chicago Press},
    pages = {6}
}

@BOOK{darling-castells00,
    author = {Castells, M.},
    year = {2000},
    title = {{The Rise of the Network Society, 2nd edition}},
    address = {Cambridge, MA; Oxford, UK},
    publisher = {Blackwell},
    pages = {500}
}

@ARTICLE{darling-morgan99,
    author = {Morgan, G.},
    year = {1999},
    title = {{Organisationsmetaforer}},
    address = {Lund, Sweden},
    journal = {Studentlitteratur},
    pages = {9-15}
}

@BOOK{darling-vago09,
    author = {Vago, S.},
    year = {2009},
    title = {{Law and society}},
    address = {Upper Saddle River, N.J.},
    publisher = {Pearson Prentice Hall, coop},
    pages = {335-336}
}

@BOOK{darling-castells96,
    author = {Castells, M.},
    year = {1996},
    title = {{The Information Age: economy, society and culture}},
    address = {Malden, Mass.},
    publisher = {Blackwell},
    volume = {1. The rise of the network society}
}
@BOOK{darling-castells97,
    author = {Castells, M.},
    year = {1997},
    title = {{The Information Age: economy, society and culture}},
    address = {Malden, Mass.},
    publisher = {Blackwell},
    volume = {2. The power of identity}
}
@BOOK{darling-castells98,
    author = {Castells, M.},
    year = {1998},
    title = {{The Information Age: economy, society and culture}},
    address = {Malden, Mass.},
    publisher = {Blackwell},
    volume = {3. End of millennium}
}

@ARTICLE{darling-santos95a,
    author = {Santos, Boaventura de Sousa},
    year = {1995},
    title = {{Three metaphors for a new conception of law: The Frontier, the Baroque, and the South}},
    journal = {Law and Society Review},
    volume = {29 (4)},
    pages = {569-584}
}

@BOOK{darling-santos95b,
    author = {Santos, Boaventura de Sousa},
    year = {1995},
    title = {{Toward a New Common Sense: Law, Science and Politics in the Paradigmatic Transition}},
    address = {New York},
    publisher = {Routledge}
}

@BOOK{darling-fridholm84,
    author = {Fridholm, M. and Isacson, M. and Magnusson, L.},
    year = {1984},
    title = {{Industrialismens rötter. Om förutsättningarna för den industriella revolutionen i Sverige}},
    address = {Stockholm, Sweden},
    publisher = {Bokförlaget Prisma}
}

@MISC{darling-sundqvist01,
    author = {Sundqvist, G.},
    year = {2001},
    title = {{Bredbandspolitik - En tekniksociologisk analys av kommunala bredband}},
    publisher = {STS Research #2, Avd. för teknik- och vetenskapsstudier}
}

@MISC{darling-ewerman_hyden97,
    author = {Ewerman, A. and Hydén, H.},
    year = {1997},
    title = {{IT och social förändring}},
    publisher = {Byggforskningsrådet}
}

@BOOK{darling-hyden08,
    author = {Hydén, H.},
    year = {2008},
    title = {{Från samhällsutveckling till samhällsförändring – om behovet av att tänka nytt, in Hydén, ed. (2008) FRAMTIDSBOKEN: Volym 1.0 ``The Darling Conceptions of Your Time''}},
    address = {Lund, Sweden},
    publisher = {Lund University}
}

@BOOK{darling-naess07,
    author = {Næss, A.},
    year = {2007},
    title = {{När jorden stod stilla. Galileo Galilei och hans tid}},
    address = {Stockholm},
    publisher = {Leopard förlag}
}

@MASTERSTHESIS{darling-larsson05,
    author = {Larsson, S.},
    year = {2005},
    title = {{Intellectual Property Rights in a Transitional Society – Internet and File Sharing from a Sociology of Law Perspective (in Swedish.) [Musikupphovsrätten i ett samhälle under förändring – Internet och fildelning ur ett rättssociologiskt perspektiv]}},
    address = {Lund, Sweden},
    school = {University of Lund},
    pages = {28-29}
}

@MISC{darling-kierkegaard05,
    author = {Kierkegaard, Sylvia Mercado},
    year = {2005},
    title = {{Taking a sledgehammer to crack the nut: The EU Enforcement Directive}},
    journal = {Computer Law \& Security Report},
    volume = {21},
    pages = {488-495}
}

@BOOK{darling-tollborg08,
    author = {Töllborg, D.},
    year = {2008},
    title = {{Hegemoniska revolutioner, in Hydén, ed. (2008) FRAMTIDSBOKEN: Volym 1.0 ``The Darling Conceptions of Your Time''}},
    address = {Lund, Sweden},
    publisher = {Lund University}
}

@BOOK{darling-karnell70,
    author = {Karnell, G.},
    year = {1970},
    title = {{Rätten till programinnehållet i TV}},
    address = {Stockholm},
    publisher = {Jurist- och samhällsvetareförbundets förlag},
    pages = {70}
}

@BOOK{darling-lessig06,
    author = {Lessig, L.},
    year = {2006},
    title = {{Code version 2.0}},
    address = {New York},
    publisher = {Basic Books},
    pages = {175}
}

@MISC{darling-hyden02,
    author = {Hydén, H.},
    year = {2002},
    title = {{Normvetenskap, Lund studies in Sociology of Law}}
}

@BOOK{darling-holden08,
    author = {Holden, J.},
    year = {2008},
    month = {December},
    title = {{Democratic culture - opening up the arts to everyone}},
    address = {London},
    publisher = {Demos}
}

% UNKNOWN
@MISC{darling-larsson08,
    author = {Larsson, S.},
    year = {2008},
    title = {{Om Sanning och Rätt, in Hydén, ed. (2008) FRAMTIDSBOKEN: Volym 1.0
        ``The Darling Conceptions of Your Time''}},
    address = {Lund, Sweden},
    publisher = {Lund University}
}

% UNKNOWN
@MISC{darling-larsson_hyden08,
    author = {Larsson, S. and Hydén, H.},
    year = {2008},
    title = {{Different darling conceptions tied to different societal systems. The case of illegal file sharing in a brave new world}},
    howpublished = {paper presented at Research Committee Sociology of Law annual meeting, Law and Justice in the Risk Society, Milan and Como, Italy July 9-12, 2008}
}




@MISC{culture-licenses,
    title = {Chart of Licences},
    howpublished = {\url{http://ur1.ca/f6o2}}
}

